@BOOK{Bulygin,
    author = "В. Г. Булыгин",
    title = "Основы автоматизации процесса обучения",
    address = "Йошкар-Ола",
    year = 2003,
    numpages = 190,
    language = "russian"
}
@MISC{Coursera,
    author = {\mbox{Stanford University}},
    title = {Coursera},
    howpublished = "\url{https://www.coursera.org}",
    year = 2014
}
@MISC{Machinelearning,
    title = "MachineLearning.Ru",
    howpublished = "\url{http://www.machinelearning.ru}",
    year = 2014
}

@MISC{ErlangES,
    author = "Yasir M. Arsanukaev",
    title = "Искусственная разумность в Erlang: транспортная область",
    howpublished = "\url{http://kingping.blinkenshell.org/Expert_system_in_Erlang__the_Domain_of_Transport.html}"
    year = 2014
}

@MISC{ERESYE,
    author = "\mbox{Typed Lambda}",
    title = "ERESYE",
    howpublished = "\url{https://github.com/TypedLambda/eresye}",
    year = 2014
}


@MISC{Drools,
    author = "\mbox{JBoss Community}",
    title = "Drools",
    howpublished = "\url{http://drools.jboss.org}",
    year = 2014
}

@MISC{D3web,
    title = "d3web",
    howpublished = "\url{http://d3web.de}",
    year = 2014
}

@MISC{jColibri,
    author = "GAIA",
    title = "jColibri",
    howpublished = "\url{http://gaia.fdi.ucm.es/research/colibri/jcolibri}",
    year = 2014
}
@Article{Sturges:1926:CCI,
    author =       "Herbert A. Sturges",
    title =        "The Choice of a Class Interval",
    journal =      "j-J-AM-STAT-ASSOC",
    volume =       "21",
    number =       "153",
    pages =        "65--66",
    month =        "March",
    year =         "1926",
    CODEN =        "JSTNAL",
    ISSN =         "0162-1459 (print), 1537-274X (electronic)",
    ISSN-L =       "0162-1459",
    %bibdate =      "Wed Jan 25 07:59:09 MST 2012",
    %bibsource =    "http://www.jstor.org/journals/01621459.html;
    %                http://www.jstor.org/stable/i349022;
    %                http://www.math.utah.edu/pub/tex/bib/jamstatassoc1920.bib",
    %URL =          "http://www.jstor.org/stable/2965501",
    acknowledgement = ack-nhfb,
    fjournal =     "Journal of the American Statistical Association",
    %journal-URL =  "http://www.tandfonline.com/loi/uasa20",
}
